@inproceedings{breakingdvbcsa,
	title = {{Breaking DVB-CSA}},
	author = "Erik Tews and Julian W{\"a}lde and Michael Weiner",
	year = "2011",
	pages = "45--61",
	booktitle = "Research in Cryptology",
}

@misc{radiusmysql,
	title={{SQL HOWTO for freeradius 3.x on Debian Ubuntu}},
	howpublished={{Online \url{https://wiki.freeradius.org/guide/SQL-HOWTO-for-freeradius-3.x-on-Debian-Ubuntu}}}
}

@misc{habr:eaptls,
	title={{WiFi with personal username and password or how to make WPA-EAP/TLS a handy tool}},
	howpublished={{\url{https://habr.com/ru/post/170949/}}}
}

@misc{habr:wpa2ent,
	title={{WPA-2 Enterprise or the correct way of organizing the security of WiFi network}},
	howpublished={{\url{https://habr.com/ru/post/150179/}}}
}

@misc{wiki:EAP,
	title={{Extensible Authentication Protocol}},
	howpublished={{\url{https://en.wikipedia.org/wiki/Extensible_Authentication_Protocol}}}
}

@misc{mikrotik:rb2011uias,
	title={{Mikrotik RB2011UiAS-2HnD-IN}},
	howpublished={{\url{https://routerboard.uz/products/wifirouters/rb2011uias-2hnd-in.html}}}
}


@misc{mikrotik:rb951ui,
	title={{Mikrotik RB951Ui-2HnD}},
	howpublished={{\url{https://routerboard.uz/products/wifirouters/RB951Ui-2nD.html}}}
}

@misc{mikrotik:routeros,
	title={{Mikrotik RouterOS}},
	howpublished={{\url{https://i.mt.lv/pdf/ros/ros\_3\_0\_reference_manual.pdf}}}
}

@book{AAA,
	title = {{AAA and Network Security for Mobile Access: Radius, Diameter, EAP, PKI and IP Mobility}},
	author = "Madjid Nakhjiri and Mahsa Nakhjiri",
	year = "2005",
	publisher = "John Wiley and Sons",
}
